<?xml version = "1.0" encoding = "UTF-8"?><OAI-PMH xmlns="http://www.openarchives.org/OAI/2.0/" xmlns:xsi="http://www.w3.org/2001/XMLSchema-instance" xsi:schemaLocation="http://www.openarchives.org/OAI/2.0/ http://www.openarchives.org/OAI/2.0/OAI-PMH.xsd"><ListRecords><record><header><identifier>aleph-publish:018969842</identifier></header><metadata><record xmlns="http://www.ddb.de/professionell/mabxml/mabxml-1.xsd"><leader>------M2.01200024------h</leader><controlfield tag="LDR">------M2.01200024------h</controlfield><controlfield tag="FMT">MH</controlfield><datafield tag="001" ind1="-" ind2="1"><subfield code="a">HT017066705</subfield></datafield><datafield tag="002" ind1="a" ind2="1"><subfield code="a">20111209</subfield></datafield><datafield tag="003" ind1="-" ind2="1"><subfield code="a">20120106</subfield></datafield><datafield tag="025" ind1="o" ind2="1"><subfield code="a">1075847219</subfield></datafield><datafield tag="026" ind1="-" ind2="1"><subfield code="a">HBZHT017066705</subfield></datafield><controlfield tag="030">a|1uc||||||37</controlfield><datafield tag="036" ind1="a" ind2="1"><subfield code="a">DE</subfield></datafield><datafield tag="037" ind1="b" ind2="1"><subfield code="a">ger</subfield></datafield><controlfield tag="050">|||||d||d|||||</controlfield><controlfield tag="051">m|||||||</controlfield><datafield tag="064" ind1="b" ind2="1"><subfield code="a">DVD-Video</subfield><subfield code="9">(DE-588)4585125-6</subfield></datafield><datafield tag="070" ind1="-" ind2="1"><subfield code="a">107</subfield></datafield><datafield tag="070" ind1="b" ind2="1"><subfield code="a">107</subfield></datafield><datafield tag="080" ind1="-" ind2="1"><subfield code="a">60</subfield></datafield><datafield tag="200" ind1="b" ind2="1"><subfield code="k">Eugen Trauth &amp; Söhne</subfield><subfield code="9">(DE-588)16332939-4</subfield></datafield><datafield tag="201" ind1="-" ind2="1"><subfield code="k">Trauth &amp; Söhne</subfield></datafield><datafield tag="201" ind1="-" ind2="1"><subfield code="k">Eugen Trauth und Söhne</subfield></datafield><datafield tag="201" ind1="-" ind2="1"><subfield code="k">Süßwarenfirma Eugen Trauth &amp; Söhne</subfield></datafield><datafield tag="331" ind1="-" ind2="1"><subfield code="a">100 Jahre Trauth</subfield></datafield><datafield tag="334" ind1="-" ind2="1"><subfield code="a">Bildtonträger</subfield></datafield><datafield tag="335" ind1="-" ind2="1"><subfield code="a">Schokoküsse aus Herxheim</subfield></datafield><datafield tag="370" ind1="a" ind2="1"><subfield code="a">Hundert Jahre Trauth</subfield></datafield><datafield tag="410" ind1="-" ind2="1"><subfield code="a">[Landau]</subfield></datafield><datafield tag="412" ind1="-" ind2="1"><subfield code="a">Calimedia</subfield></datafield><datafield tag="425" ind1="a" ind2="1"><subfield code="a">2011</subfield></datafield><datafield tag="501" ind1="-" ind2="1"><subfield code="a">Imagefilm</subfield></datafield><datafield tag="517" ind1="-" ind2="1"><subfield code="p">Enth. u.a.</subfield><subfield code="a">zahlreiche Interviews, Bilder aus der Produktion, dem Verkauf und historische Bilder</subfield></datafield><datafield tag="583" ind1="-" ind2="1"><subfield code="a">Archivierung/Langzeitarchivierung gewährleistet</subfield><subfield code="f">PERP</subfield><subfield code="5">DE-107</subfield></datafield><datafield tag="652" ind1="a" ind2="1"><subfield code="a">DVD-Video</subfield></datafield><datafield tag="653" ind1="-" ind2="1"><subfield code="a">1 DVD-Video</subfield><subfield code="b">Spieldauer ca. 30 Min</subfield><subfield code="c">Ton: Stereo; Bildformat: 16:9 Letterboxed; Extras: Trailer</subfield></datafield><datafield tag="700" ind1="l" ind2="1"><subfield code="a">650</subfield></datafield><datafield tag="700" ind1="l" ind2="1"><subfield code="a">970</subfield></datafield><datafield tag="700" ind1="l" ind2="1"><subfield code="a">131</subfield></datafield><datafield tag="700" ind1="l" ind2="1"><subfield code="a">141</subfield></datafield><datafield tag="902" ind1="-" ind2="1"><subfield code="g">Herxheim bei Landau (Pfalz)</subfield><subfield code="9">(DE-588)4362856-4</subfield></datafield><datafield tag="902" ind1="-" ind2="1"><subfield code="s">Schokoladenindustrie</subfield><subfield code="9">(DE-588)4507427-6</subfield></datafield><datafield tag="902" ind1="-" ind2="1"><subfield code="s">Proteine</subfield><subfield code="9">(DE-588)4076388-2</subfield></datafield><datafield tag="902" ind1="-" ind2="1"><subfield code="z">Geschichte 1911-2011</subfield></datafield><controlfield tag="SYS">018969842</controlfield><datafield tag="LOW" ind1="-" ind2="1"><subfield code="a">R0003</subfield></datafield><datafield tag="952" ind1="-" ind2="1"><subfield code="g">Herxheim</subfield><subfield code="h">Landau (Pfalz)</subfield></datafield><datafield tag="952" ind1="-" ind2="1"><subfield code="g">Herxheim</subfield><subfield code="h">Landau in der Pfalz</subfield></datafield><datafield tag="952" ind1="-" ind2="1"><subfield code="g">Herxheim</subfield></datafield><datafield tag="952" ind1="-" ind2="1"><subfield code="g">Herxheim b. Landau</subfield></datafield><datafield tag="952" ind1="-" ind2="1"><subfield code="g">Herxheim b. Landau, Pfalz</subfield></datafield><datafield tag="952" ind1="-" ind2="1"><subfield code="s">Schokolade</subfield><subfield code="x">Industrie</subfield></datafield><datafield tag="952" ind1="-" ind2="1"><subfield code="s">Schokolade</subfield><subfield code="x">Süßwarenindustrie</subfield></datafield><datafield tag="952" ind1="-" ind2="1"><subfield code="s">Schokoladeindustrie</subfield></datafield><datafield tag="952" ind1="-" ind2="1"><subfield code="s">Eiweiss</subfield></datafield><datafield tag="952" ind1="-" ind2="1"><subfield code="s">Protein</subfield></datafield><datafield tag="088" ind1=" " ind2=" "><subfield code="a">107</subfield><subfield code="b">00001000</subfield><subfield code="c">DVD 886</subfield><subfield code="e">ILL Ausleihe</subfield></datafield></record></metadata></record></ListRecords></OAI-PMH>